@misc{analyza-PMSIS,
  title       = {Analýza pro proces modernizace školního informačního systému pro střední školu},
  publisher   = {Daniel Adámek},
  year        = {2024},
  url         = {https://github.com/DanielADK/tul-prj},
}

@book{skolsky-zakon-preruseni-obyc,
  title       = {ČESKO. § 31 odst. 1 zákona č. 561/2004 Sb., o předškolním, základním, středním, vyšším odborném a jiném vzdělávání (školský zákon) - znění od 1. 1. 2024.},
  url         = {https://www.zakonyprolidi.cz/cs/2004-561#p66-5},
  note        = {Revidováno: 17.06.2024}
}

@book{skolsky-zakon-preruseni-materstvi,
  title       = {ČESKO. § 31 odst. 1 zákona č. 561/2004 Sb., o předškolním, základním, středním, vyšším odborném a jiném vzdělávání (školský zákon) - znění od 1. 1. 2024.},
  url         = {https://www.zakonyprolidi.cz/cs/2004-561#p66-6},
  note        = {Revidováno: 17.06.2024}
}